<?xml version="1.0" encoding="UTF-8"?><collection xmlns="http://www.loc.gov/MARC21/slim"><record><leader>00675nam--2200193-i-4500</leader><controlfield tag="001">000013354</controlfield><controlfield tag="002">20161230</controlfield><controlfield tag="005">20161230201030</controlfield><controlfield tag="008">060222s1000------------r-----000-0-eng-d</controlfield><datafield ind1=" " ind2=" " tag="040"><subfield code="a">IFIN-HH</subfield></datafield><datafield ind1=" " ind2=" " tag="080"><subfield code="a">539.172.4(061.3)</subfield></datafield><datafield ind1="1" ind2=" " tag="100"><subfield code="a">Ribansky, I</subfield></datafield><datafield ind1="1" ind2="0" tag="245"><subfield code="a">Neutron induced reactions</subfield><subfield code="b">Physics and applications volume 6 proceedings of the second international symposium, june 25-29, 1979, smolenice</subfield><subfield code="c">I. ribansky, e. betak (eds.)</subfield></datafield><datafield ind1=" " ind2=" " tag="260"><subfield code="a">Bratislava</subfield><subfield code="b">Publishing House Of The Slovak Academy Of Sciences</subfield><subfield code="c">1980</subfield></datafield><datafield ind1=" " ind2=" " tag="300"><subfield code="a">454 P</subfield></datafield><datafield ind1=" " ind2=" " tag="490"><subfield code="a">Physics And Applications</subfield><subfield code="v">Volume 6</subfield></datafield><datafield ind1="1" ind2=" " tag="700"><subfield code="a">Betak, E</subfield><subfield code="e">Ed</subfield></datafield><datafield ind1=" " ind2=" " tag="852"><subfield code="a">44209</subfield><subfield code="c">539.12</subfield></datafield><datafield ind1=" " ind2=" " tag="CAT"><subfield code="a">Sys</subfield><subfield code="c">20111125</subfield><subfield code="h">112901</subfield></datafield></record></collection>